@article{Star1999,
    author = {SUSAN LEIGH STAR},
    title ={The Ethnography of Infrastructure},
    journal = {American Behavioral Scientist},
    volume = {43},
    number = {3},
    pages = {377-391},
    year = {1999},
    doi = {10.1177/00027649921955326}
}